@article{Journal2003,
    title = {{2003.The American Astronomical Society. All rights reserved. Printed in U.S.A.}},
    year = {2003},
    author = {Journal, The Astrophysical},
    pages = {1053--1063}
}

@article{Brooks2013,
    title = {{A baryonic solution to the missing satellites problem}},
    year = {2013},
    journal = {Astrophysical Journal},
    author = {Brooks, Alyson M. and Kuhlen, Michael and Zolotov, Adi and Hooper, Dan},
    number = {1},
    volume = {765},
    doi = {10.1088/0004-637X/765/1/22},
    issn = {15384357},
    arxivId = {1209.5394},
    keywords = {cosmology: observations, cosmology: theory, dark matter, galaxies: dwarf}
}

@article{Jiang2007,
    title = {{A fitting formula for the merger timescale of galaxies in hierarchical clustering}},
    year = {2007},
    author = {Jiang, C. Y. and Jing, Y. P. and Faltenbacher, A. and Lin, W. P. and Li, Cheng},
    pages = {1095--1105},
    url = {http://arxiv.org/abs/0707.2628%0Ahttp://dx.doi.org/10.1086/526412},
    doi = {10.1086/526412},
    issn = {0004-637X},
    arxivId = {0707.2628}
}

@article{Han2016,
    title = {{A unified model for the spatial and mass distribution of subhaloes}},
    year = {2016},
    journal = {Monthly Notices of the Royal Astronomical Society},
    author = {Han, Jiaxin and Cole, Shaun and Frenk, Carlos S. and Jing, Yipeng},
    number = {2},
    pages = {1208--1223},
    volume = {457},
    doi = {10.1093/mnras/stv2900},
    issn = {13652966},
    arxivId = {arXiv:1509.02175v2},
    keywords = {Dark matter, Galaxies: haloes}
}

@article{Bullock2001,
    title = {{A Universal Angular Momentum Profile for Galactic Halos}},
    year = {2001},
    journal = {The Astrophysical Journal},
    author = {Bullock, James S. and Dekel, Avishai and Kolatt, Tsafrir S. and Kravtsov, Andrey V. and Klypin, Anatoly A. and Porciani, Cristiano and Primack, Joel R.},
    number = {1},
    pages = {240--257},
    volume = {555},
    url = {http://arxiv.org/abs/astro-ph/0011001%0Ahttp://dx.doi.org/10.1086/321477 http://stacks.iop.org/0004-637X/555/i=1/a=240},
    doi = {10.1086/321477},
    issn = {0004-637X},
    arxivId = {astro-ph/0011001}
}

@article{Nipoti2018,
    title = {{Accretion of satellites onto central galaxies in clusters: merger mass ratios and orbital parameters}},
    year = {2018},
    author = {Nipoti, Carlo and Giocoli, Carlo and Despali, Giulia},
    number = {January},
    volume = {000},
    url = {http://arxiv.org/abs/1801.03096},
    arxivId = {1801.03096},
    keywords = {cd, clusters, dark matter, elliptical and lenticular, evolution, formation, galaxies, general}
}

@article{Tweed2009,
    title = {{Building Merger Trees from Cosmological N-body Simulations}},
    year = {2009},
    author = {Tweed, D. and Devriendt, J. and Blaizot, J. and Colombi, S. and Slyz, A.},
    pages = {647--660},
    volume = {660},
    url = {http://arxiv.org/abs/0902.0679%0Ahttp://dx.doi.org/10.1051/0004-6361/200911787},
    isbn = {0004-6361},
    doi = {10.1051/0004-6361/200911787},
    issn = {0004-6361},
    arxivId = {0902.0679},
    keywords = {cosmology, large-scale structure of universe, methods, methods: numerical, methods: N-body simulations, c, n -body simulations, numerical}
}

@article{Frenk2012,
    title = {{Dark matter and cosmic structure}},
    year = {2012},
    journal = {Annalen der Physik},
    author = {Frenk, Carlos S. and White, Simon D.M.},
    number = {9-10},
    pages = {507--534},
    volume = {524},
    doi = {10.1002/andp.201200212},
    issn = {00033804},
    arxivId = {1210.0544},
    keywords = {Cosmic structure, Dark matter, Simulations}
}

@article{Reed2005,
    title = {{Dark matter subhaloes in numerical simulations}},
    year = {2005},
    journal = {Monthly Notices of the Royal Astronomical Society},
    author = {Reed, Darren and Governato, Fabio and Quinn, Thomas and Gardner, Jeffrey and Stadel, Joachim and Lake, George},
    number = {4},
    pages = {1537--1548},
    volume = {359},
    doi = {10.1111/j.1365-2966.2005.09020.x},
    issn = {00358711},
    arxivId = {astro-ph/0406034},
    keywords = {Cosmology: theory, Dark matter, Galaxies: formation, Galaxies: haloes, Methods: N-body simulations}
}

@article{Bosch2018,
    title = {{Dark Matter Substructure in Numerical Simulations: A Tale of Discreteness Noise, Runaway Instabilities, and Artificial Disruption}},
    year = {2018},
    author = {Bosch, Frank C. van den and Ogiya, Go},
    number = {January},
    pages = {1--25},
    volume = {25},
    url = {http://arxiv.org/abs/1801.05427},
    doi = {10.1093/mnras/sty084},
    issn = {0035-8711},
    arxivId = {1801.05427},
    keywords = {cosmology, galaxies, haloes, instabilities, methods, numerical}
}

@article{Ghigna2000,
    title = {{Density Profiles and Substructure of Dark Matter Halos: Converging Results at Ultra-High Numerical Resolution}},
    year = {2000},
    author = {Ghigna, S and Moore, B and Governato, F and Lake, G and Quinn, T and Stadel, J},
    pages = {616--628},
    volume = {1}
}

@article{VandenBosch2018,
    title = {{Disruption of dark matter substructure: Fact or fiction?}},
    year = {2018},
    journal = {Monthly Notices of the Royal Astronomical Society},
    author = {van den Bosch, Frank C. and Ogiya, Go and Hahn, Oliver and Burkert, Andreas},
    number = {3},
    pages = {3043--3066},
    volume = {474},
    doi = {10.1093/mnras/stx2956},
    issn = {13652966},
    arxivId = {1711.05276},
    keywords = {Dark matter, Galaxies: haloes, Gravitation, Methods: analytical, Methods: numerical}
}

@article{Romano-Diaz2010,
    title = {{Dissecting galaxy formation. II. Comparing substructure in pure dark matter and baryonic models}},
    year = {2010},
    journal = {Astrophysical Journal},
    author = {Romano-D{\'{i}}az, Emilio and Shlosman, Isaac and Heller, Clayton and Hoffman, Yehuda},
    number = {2},
    pages = {1095--1104},
    volume = {716},
    doi = {10.1088/0004-637X/716/2/1095},
    issn = {15384357},
    arxivId = {1002.4200},
    keywords = {Dark matter, Galaxies: evolution, Galaxies: formation, Galaxies: halos, Galaxies: interactions, Galaxies: kinematics and dynamics}
}

@article{VandenBosch2017,
    title = {{Dissecting the evolution of dark matter subhaloes in the bolshoi simulation}},
    year = {2017},
    journal = {Monthly Notices of the Royal Astronomical Society},
    author = {van den Bosch, Frank C.},
    number = {1},
    pages = {885--909},
    volume = {468},
    doi = {10.1093/mnras/stx520},
    issn = {13652966},
    arxivId = {1611.02657},
    keywords = {Dark matter, Galaxies: Formation, Galaxies: Haloes, Methods: Numerical, Methods: Statistical}
}

@article{Boylan-Kolchin2007,
    title = {{Dynamical Friction and Galaxy Merging Timescales}},
    year = {2007},
    author = {Boylan-Kolchin, Michael and Ma, Chung-Pei and Quataert, Eliot},
    url = {http://arxiv.org/abs/0707.2960%0Ahttp://dx.doi.org/10.1111/j.1365-2966.2007.12530.x},
    doi = {10.1111/j.1365-2966.2007.12530.x},
    arxivId = {0707.2960}
}

@article{Penarrubia2005,
    title = {{Effects of dynamical evolution on the distribution of substructures}},
    year = {2005},
    journal = {Monthly Notices of the Royal Astronomical Society},
    author = {Pe{\~{n}}arrubia, Jorge and Benson, Andrew J.},
    number = {3},
    pages = {977--989},
    volume = {364},
    doi = {10.1111/j.1365-2966.2005.09633.x},
    issn = {00358711},
    arxivId = {astro-ph/0412370},
    keywords = {Cosmology: dark matter, Galaxies: kinematics and dynamics, Methods: analytical}
}

@article{Drlica-Wagner2015,
    title = {{EIGHT ULTRA-FAINT GALAXY CANDIDATES DISCOVERED in YEAR TWO of the DARK ENERGY SURVEY}},
    year = {2015},
    journal = {Astrophysical Journal},
    author = {Drlica-Wagner, A. and Bechtol, K. and Rykoff, E. S. and Luque, E. and Queiroz, A. and Mao, Y. Y. and Wechsler, R. H. and Simon, J. D. and Santiago, B. and Yanny, B. and Balbinot, E. and Dodelson, S. and Neto, A. Fausti and James, D. J. and Li, T. S. and Maia, M. A.G. and Marshall, J. L. and Pieres, A. and Stringer, K. and Walker, A. R. and Abbott, T. M.C. and Abdalla, F. B. and Allam, S. and Benoit-L{\'{e}}vy, A. and Bernstein, G. M. and Bertin, E. and Brooks, D. and Buckley-Geer, E. and Burke, D. L. and Rosell, A. Carnero and Kind, M. Carrasco and Carretero, J. and Crocce, M. and Da Costa, L. N. and Desai, S. and Diehl, H. T. and Dietrich, J. P. and Doel, P. and Eifler, T. F. and Evrard, A. E. and Finley, D. A. and Flaugher, B. and Fosalba, P. and Frieman, J. and Gaztanaga, E. and Gerdes, D. W. and Gruen, D. and Gruendl, R. A. and Gutierrez, G. and Honscheid, K. and Kuehn, K. and Kuropatkin, N. and Lahav, O. and Martini, P. and Miquel, R. and Nord, B. and Ogando, R. and Plazas, A. A. and Reil, K. and Roodman, A. and Sako, M. and Sanchez, E. and Scarpine, V. and Schubnell, M. and Sevilla-Noarbe, I. and Smith, R. C. and Soares-Santos, M. and Sobreira, F. and Suchyta, E. and Swanson, M. E.C. and Tarle, G. and Tucker, D. and Vikram, V. and Wester, W. and Zhang, Y. and Zuntz, J.},
    number = {2},
    pages = {1--46},
    volume = {813},
    isbn = {doi:10.1088/0004-637X/813/2/109},
    doi = {10.1088/0004-637X/813/2/109},
    issn = {15384357},
    arxivId = {1508.03622},
    keywords = {Local Group, galaxies: dwarf}
}

@article{Spergel2003,
    title = {{First‚ÄêYear Wilkinson Microwave Anisotropy Probe ( WMAP ) Observations: Determination of Cosmological Parameters}},
    year = {2003},
    journal = {The Astrophysical Journal Supplement Series},
    author = {Spergel, D. N. and Verde, L. and Peiris, H. V. and Komatsu, E. and Nolta, M. R. and Bennett, C. L. and Halpern, M. and Hinshaw, G. and Jarosik, N. and Kogut, A. and Limon, M. and Meyer, S. S. and Page, L. and Tucker, G. S. and Weiland, J. L. and Wollack, E. and Wright, E. L.},
    number = {1},
    pages = {175--194},
    volume = {148},
    url = {http://arxiv.org/abs/astro-ph/0302209},
    isbn = {0067-0049},
    doi = {10.1086/377226},
    issn = {0067-0049},
    arxivId = {astro-ph/0302209}
}

@article{Diemand2007,
    title = {{Formation and Evolution of Galaxy Dark Matter Halos and Their Substructure}},
    year = {2007},
    journal = {The Astrophysical Journal},
    author = {Diemand, Jurg and Kuhlen, Michael and Madau, Piero},
    number = {2},
    pages = {859--877},
    volume = {667},
    url = {http://stacks.iop.org/0004-637X/667/i=2/a=859},
    doi = {10.1086/520573},
    issn = {0004-637X},
    arxivId = {astro-ph/0703337}
}

@article{Jiang2014,
    title = {{Generating merger trees for dark matter haloes: A comparison of methods}},
    year = {2014},
    journal = {Monthly Notices of the Royal Astronomical Society},
    author = {Jiang, Fangzhou and Van Den Bosch, Frank C.},
    number = {1},
    pages = {193--207},
    volume = {440},
    doi = {10.1093/mnras/stu280},
    issn = {13652966},
    arxivId = {1311.5225},
    keywords = {Dark matter, Galaxies: haloes, Methods: analytical, Methods: statistical}
}

@article{Behroozi2013a,
    title = {{Gravitationally consistent halo catalogs and merger trees for precision cosmology}},
    year = {2013},
    journal = {Astrophysical Journal},
    author = {Behroozi, Peter S. and Wechsler, Risa H. and Wu, Hao Yi and Busha, Michael T. and Klypin, Anatoly A. and Primack, Joel R.},
    number = {1},
    volume = {763},
    doi = {10.1088/0004-637X/763/1/18},
    issn = {15384357},
    arxivId = {1110.4370},
    keywords = {dark matter, galaxies: abundances, galaxies: evolution, methods: numerical}
}

@article{Zentner2003,
    title = {{Halo Substructure and the Power Spectrum}},
    year = {2003},
    journal = {The Astrophysical Journal},
    author = {Zentner, Andrew R. and Bullock, James S.},
    number = {1},
    pages = {49--72},
    volume = {598},
    url = {http://stacks.iop.org/0004-637X/598/i=1/a=49},
    isbn = {0004-637X},
    doi = {10.1086/378797},
    issn = {0004-637X},
    arxivId = {astro-ph/0304292}
}

@article{Knebe2011,
    title = {{Haloes gone MAD: The Halo-Finder Comparison Project}},
    year = {2011},
    journal = {Monthly Notices of the Royal Astronomical Society},
    author = {Knebe, Alexander and Knollmann, Steffen R. and Muldrew, Stuart I. and Pearce, Frazer R. and Aragon-Calvo, Miguel Angel and Ascasibar, Yago and Behroozi, Peter S. and Ceverino, Daniel and Colombi, Stephane and Diemand, Juerg and Dolag, Klaus and Falck, Bridget L. and Fasel, Patricia and Gardner, Jeff and Gottl{\"{o}}ber, Stefan and Hsu, Chung Hsing and Iannuzzi, Francesca and Klypin, Anatoly and Luki{\'{c}}, Zarija and Maciejewski, Michal and Mcbride, Cameron and Neyrinck, Mark C. and Planelles, Susana and Potter, Doug and Quilis, Vicent and Rasera, Yann and Read, Justin I. and Ricker, Paul M. and Roy, Fabrice and Springel, Volker and Stadel, Joachim and Stinson, Greg and Sutter, P. M. and Turchaninov, Victor and Tweed, Dylan and Yepes, Gustavo and Zemp, Marcel},
    number = {3},
    pages = {2293--2318},
    volume = {415},
    doi = {10.1111/j.1365-2966.2011.18858.x},
    issn = {00358711},
    arxivId = {1104.0949},
    keywords = {Cosmology: miscellaneous, Cosmology: theory, Dark matter, Galaxies: evolution, Galaxies: haloes, Methods: numerical}
}

@article{Trenti2010,
    title = {{How well do cosmological simulations reproduce individual-halo properties?}},
    year = {2010},
    author = {Trenti, M. and Smith, B. D. and Hallman, E. J. and Skillman, S. W. and Shull, J. M.},
    pages = {1--25},
    url = {http://arxiv.org/abs/1001.5037%0Ahttp://dx.doi.org/10.1088/0004-637X/711/2/1198},
    doi = {10.1088/0004-637X/711/2/1198},
    issn = {0004-637X},
    arxivId = {1001.5037}
}

@article{Behroozi2015,
    title = {{Major mergers going Notts: challenges for modern halo finders}},
    year = {2015},
    journal = {Monthly Notices of the Royal Astronomical Society},
    author = {Behroozi, Peter and Knebe, Alexander and Pearce, Frazer R. and Elahi, Pascal and Han, Jiaxin and Lux, Hanni and Mao, Yao-Yuan and Muldrew, Stuart I. and Potter, Doug and Srisawat, Chaichalit},
    number = {3},
    pages = {3020--3029},
    volume = {454},
    url = {https://academic.oup.com/mnras/article-lookup/doi/10.1093/mnras/stv2046},
    doi = {10.1093/mnras/stv2046},
    issn = {0035-8711},
    arxivId = {1506.01405},
    keywords = {dark matter, galaxies, haloes, methods, numerical}
}

@article{Knebe2005a,
    title = {{Mapping substructures in dark matter haloes}},
    year = {2005},
    journal = {Monthly Notices of the Royal Astronomical Society: Letters},
    author = {Knebe, Alexander and Gill, Stuart P.D. and Kawata, Daisuke and Gibson, Brad K.},
    number = {1},
    pages = {35--39},
    volume = {357},
    doi = {10.1111/j.1745-3933.2005.08666.x},
    issn = {17453933},
    arxivId = {arXiv:astro-ph/0407418v2},
    archivePrefix = {arXiv},
    eprint = {0407418v2},
    primaryClass = {astro-ph},
    keywords = {Galaxies: clusters: general, Galaxies: evolution, Galaxies: formation, Methods: N-body simulations}
}

@article{Hopkins2010,
    title = {{Mergers in {$\lambda$}CDM: Uncertainties in theoretical predictions and interpretations of the merger rate}},
    year = {2010},
    journal = {Astrophysical Journal},
    author = {Hopkins, Philip F. and Croton, Darren and Bundy, Kevin and Khochfar, Sadegh and Van Den Bosch, Frank and Somerville, Rachel S. and Wetzel, Andrew and Keres, Dusan and Hernquist, Lars and Stewart, Kyle and Younger, Joshua D. and Genel, Shy and Ma, Chung Pei},
    number = {2},
    pages = {915--945},
    volume = {724},
    doi = {10.1088/0004-637X/724/2/915},
    issn = {15384357},
    arxivId = {1004.2708},
    keywords = {Cosmology: theory, Galaxies: active, Galaxies: evolution, Galaxies: formation}
}

@article{Hiroshima2018,
    title = {{Modeling evolution of dark matter substructure and annihilation boost}},
    year = {2018},
    author = {Hiroshima, Nagisa and Ando, Shin'ichiro and Ishiyama, Tomoaki},
    pages = {1--15},
    url = {http://arxiv.org/abs/1803.07691},
    doi = {10.1103/PhysRevD.97.123002},
    issn = {24700029},
    arxivId = {1803.07691}
}

@article{Nadler2017,
    title = {{Modeling the Impact of Baryons on Subhalo Populations with Machine Learning}},
    year = {2017},
    author = {Nadler, Ethan O. and Mao, Yao-Yuan and Wechsler, Risa H. and Garrison-Kimmel, Shea and Wetzel, Andrew},
    url = {http://arxiv.org/abs/1712.04467},
    arxivId = {1712.04467},
    keywords = {abundances, dark matter, galaxies, halos, methods, numerical}
}

@article{Simha2016,
    title = {{Modelling Galaxy Merger Timescales and Tidal Destruction}},
    year = {2016},
    author = {Simha, Vimal and Cole, Shaun},
    number = {October},
    volume = {000},
    url = {http://arxiv.org/abs/1609.09520%0Ahttp://dx.doi.org/10.1093/mnras/stx1942},
    doi = {10.1093/mnras/stx1942},
    arxivId = {1609.09520}
}

@article{Garrison-Kimmel2017,
    title = {{Not so lumpy after all: modeling the depletion of dark matter subhalos by Milky Way-like galaxies}},
    year = {2017},
    author = {Garrison-Kimmel, Shea and Wetzel, Andrew R. and Bullock, James S. and Hopkins, Philip F. and Boylan-Kolchin, Michael and Faucher-Giguere, Claude-Andre and Keres, Dusan and Quataert, Eliot and Sanderson, Robyn E. and Graus, Andrew S. and Kelley, Tyler},
    number = {July},
    pages = {1--20},
    volume = {20},
    url = {http://arxiv.org/abs/1701.03792%0Ahttp://dx.doi.org/10.1093/mnras/stx1710},
    doi = {10.1093/mnras/stx1710},
    issn = {0035-8711},
    arxivId = {1701.03792},
    keywords = {cosmology, dark matter, galaxies, halos, local group, theory}
}

@article{Kuhlen2012,
    title = {{Numerical simulations of the dark universe: State of the art and the next decade}},
    year = {2012},
    journal = {Physics of the Dark Universe},
    author = {Kuhlen, Michael and Vogelsberger, Mark and Angulo, Raul},
    number = {1-2},
    pages = {50--93},
    volume = {1},
    doi = {10.1016/j.dark.2012.10.002},
    issn = {22126864},
    arxivId = {1209.5745},
    keywords = {Cosmology, Dark energy, Dark matter, Numerical simulations, Structure formation}
}

@article{Taffoni2003,
    title = {{On the life and death of satellite haloes}},
    year = {2003},
    journal = {Monthly Notices of the Royal Astronomical Society},
    author = {Taffoni, Giuliano and Mayer, Lucio and Colpi, Monica and Governato, Fabio},
    number = {2},
    pages = {434--448},
    volume = {341},
    doi = {10.1046/j.1365-8711.2003.06395.x},
    issn = {00358711},
    arxivId = {astro-ph/0301271},
    keywords = {Dark matter, Galaxies: interactions, Galaxies: kinematics and dynamics, Methods: analytical, Methods: numerical}
}

@article{Wetzel2011,
    title = {{On the orbits of infalling satellite haloes}},
    year = {2011},
    journal = {Monthly Notices of the Royal Astronomical Society},
    author = {Wetzel, Andrew R.},
    number = {1},
    pages = {49--58},
    volume = {412},
    doi = {10.1111/j.1365-2966.2010.17877.x},
    issn = {00358711},
    arxivId = {1001.4792},
    keywords = {Cosmology: theory, Galaxies: haloes, Galaxies: kinematics and dynamics, Methods: numerical}
}

@article{Benson2005,
    title = {{Orbital parameters of infalling dark matter substructures}},
    year = {2005},
    journal = {Monthly Notices of the Royal Astronomical Society},
    author = {Benson, A. J.},
    number = {2},
    pages = {551--562},
    volume = {358},
    isbn = {9780874216561},
    doi = {10.1111/j.1365-2966.2005.08788.x},
    issn = {00358711},
    pmid = {15991970},
    arxivId = {astro-ph/0407428},
    keywords = {Cosmology: Theory, Dark matter, Galaxies: Haloes}
}

@article{Jiang2015,
    title = {{Orbital parameters of infalling satellite haloes in the hierarchical {$\Lambda$}CDM model}},
    year = {2015},
    journal = {Monthly Notices of the Royal Astronomical Society},
    author = {Jiang, Lilian and Cole, Shaun and Sawala, Till and Frenk, Carlos S.},
    number = {2},
    pages = {1674--1686},
    volume = {448},
    doi = {10.1093/mnras/stv053},
    issn = {13652966},
    arxivId = {arXiv:1409.1179v3},
    keywords = {Cosmology: theory, Dark matter, Galaxies: haloes, Methods: numerical}
}

@article{Agarwal2017,
    title = {{Painting galaxies into dark matter halos using machine learning}},
    year = {2017},
    author = {Agarwal, Shankar and Dav{\'{e}}, Romeel and Bassett, Bruce A.},
    number = {May},
    volume = {000},
    url = {http://arxiv.org/abs/1712.03255},
    doi = {10.1093/mnras/sty1169},
    arxivId = {1712.03255},
    keywords = {cosmology, evolution, galaxies, large-scale structure of uni-, machine learning, methods, n-body simulations, theory, verse}
}

@article{Sawala2016,
    title = {{Shaken and Stirred: The Milky Way's Dark Substructures}},
    year = {2016},
    author = {Sawala, Till and Pihajoki, Pauli and Johansson, Peter H. and Frenk, Carlos S. and Navarro, Julio F. and Oman, Kyle A. and White, Simon D. M.},
    number = {September},
    pages = {1--19},
    volume = {19},
    url = {http://arxiv.org/abs/1609.01718%0Ahttp://dx.doi.org/10.1093/mnras/stx360},
    doi = {10.1093/mnras/stx360},
    issn = {0035-8711},
    arxivId = {1609.01718},
    keywords = {cosmology, dark matter, galaxies, galaxy, globular clusters, lations, local group, methods, n-body simu-, theory}
}

@article{Bullock2017,
    title = {{Small Scale Challenges to the {$\Lambda$}CDM Paradigm}},
    year = {2017},
    journal = {Annual Review of Astronomy and Astrophysics},
    author = {Bullock, James S. and Boylan-Kolchin, Michael},
    number = {1},
    pages = {091916--055313},
    volume = {55},
    url = {http://www.annualreviews.org/doi/10.1146/annurev-astro-091916-055313},
    doi = {10.1146/annurev-astro-091916-055313},
    issn = {0066-4146},
    arxivId = {arXiv:1707.04256v1},
    keywords = {cosmology, dark matter, dwarf galaxies, galaxy formation, local group}
}

@article{DelPopolo2016,
    title = {{Small scale problems of the {\$}{\textbackslash}Lambda{\$}CDM model: a short review}},
    year = {2016},
    author = {Del Popolo, Antonino and Delliou, Morgan Le},
    pages = {1--46},
    url = {http://arxiv.org/abs/1606.07790%0Ahttp://dx.doi.org/10.3390/galaxies5010017},
    doi = {10.3390/galaxies5010017},
    issn = {2075-4434},
    arxivId = {1606.07790},
    keywords = {cosmology, dark matter, small scale problems, {$\lambda$} cdm model}
}

@article{Jiang2016,
    title = {{Statistics of dark matter substructure - I. Model and universal fitting functions}},
    year = {2016},
    journal = {Monthly Notices of the Royal Astronomical Society},
    author = {Jiang, Fangzhou and Van Den Bosch, Frank C.},
    number = {3},
    pages = {2848--2869},
    volume = {458},
    doi = {10.1093/mnras/stw439},
    issn = {13652966},
    arxivId = {1403.6827},
    keywords = {Dark matter, Galaxies: Haloes, Galaxies: Statistics, Methods: Analytical, Methods: Statistical}
}

@article{Bosch2014,
    title = {{Statistics of Dark Matter Substructure: II. Comparison of Model with Simulation Results}},
    year = {2014},
    author = {Bosch, Frank C. van den and Jiang, Fangzhou},
    number = {March},
    pages = {1--15},
    volume = {15},
    url = {http://arxiv.org/abs/1403.6835},
    arxivId = {1403.6835},
    keywords = {analytical, dark, galaxies, haloes, methods, statistical}
}

@article{Jiang2016a,
    title = {{Statistics of Dark Matter Substructure: III. Halo-to-Halo Variance}},
    year = {2016},
    author = {Jiang, Fangzhou and Bosch, Frank C. van den},
    number = {October},
    pages = {1--19},
    volume = {19},
    url = {http://arxiv.org/abs/1610.02399%0Ahttp://dx.doi.org/10.1093/mnras/stx1979},
    doi = {10.1093/mnras/stx1979},
    arxivId = {1610.02399},
    keywords = {analytical, dark, galaxies, haloes, methods, statistical}
}

@article{Knebe2013,
    title = {{Structure finding in cosmological simulations: The state of affairs}},
    year = {2013},
    journal = {Monthly Notices of the Royal Astronomical Society},
    author = {Knebe, Alexander and Pearce, Frazer R. and Lux, Hanni and Ascasibar, Yago and Behroozi, Peter and Casado, Javier and Moran, Christine Corbett and Diemand, Juerg and Dolag, Klaus and Dominguez-Tenreiro, Rosa and Elahi, Pascal and Falck, Bridget and Gottl{\"{o}}ber, Stefan and Han, Jiaxin and Klypin, Anatoly and Luki{\'{c}}, Zarija and Maciejewski, Michal and McBride, Cameron K. and Merch{\'{a}}n, Manuel E. and Muldrew, Stuart I. and Neyrinck, Mark and Onions, Julian and Planelles, Susana and Potter, Doug and Quilis, Vicent and Rasera, Yann and Ricker, Paul M. and Roy, Fabrice and Ruiz, Andr√©s N. and Sgr{\'{o}}, Mario A. and Springel, Volker and Stadel, Joachim and Sutter, P. M. and Tweed, Dylan and Zemp, Marcel},
    number = {2},
    pages = {1618--1658},
    volume = {435},
    doi = {10.1093/mnras/stt1403},
    issn = {00358711},
    arxivId = {1304.0585},
    keywords = {Cosmology: theory, Dark matter, Galaxies: evolution, Galaxies: haloes, Galaxies: luminosity function, mass function, Galaxies: statistics}
}

@article{Chua2016a,
    title = {{Subhalo Demographics in the Illustris Simulation: Effects of Baryons and Halo-to-Halo Variation}},
    year = {2016},
    author = {Chua, Kun Ting Eddie and Pillepich, Annalisa and Rodriguez-Gomez, Vicente and Vogelsberger, Mark and Bird, Simeon and Hernquist, Lars},
    number = {May},
    pages = {4343--4360},
    volume = {4360},
    url = {http://arxiv.org/abs/1611.07991},
    doi = {10.1093/mnras/stx2238},
    issn = {0035-8711},
    arxivId = {1611.07991},
    keywords = {1 i n t, a cold dark matter, as the standard model, cdm, cosmology, e, g, galaxies, haloes, methods, numerical, observational data points to, of cosmic structure formation, ro d u c, spergel, statistical, t i o n}
}

@article{Chua2016,
    title = {{Subhalo Demographics in the Illustris Simulation: Effects of Baryons and Halo-to-Halo Variation}},
    year = {2016},
    author = {Chua, Kun Ting Eddie and Pillepich, Annalisa and Rodriguez-Gomez, Vicente and Vogelsberger, Mark and Bird, Simeon and Hernquist, Lars},
    number = {0000},
    volume = {000},
    url = {http://arxiv.org/abs/1611.07991},
    doi = {10.1093/mnras/stx2238},
    issn = {0035-8711},
    arxivId = {1611.07991},
    keywords = {dark matter, galaxies, haloes, methods, numerical, statistical}
}

@article{Onions2012,
    title = {{Subhaloes going Notts: The subhalo-finder comparison project}},
    year = {2012},
    journal = {Monthly Notices of the Royal Astronomical Society},
    author = {Onions, Julian and Knebe, Alexander and Pearce, Frazer R. and Muldrew, Stuart I. and Lux, Hanni and Knollmann, Steffen R. and Ascasibar, Yago and Behroozi, Peter and Elahi, Pascal and Han, Jiaxin and MacIejewski, Michal and Merch{\'{a}}n, Manuel E. and Neyrinck, Mark and Ruiz, Andr√©s N. and Sgr{\'{o}}, Mario A. and Springel, Volker and Tweed, Dylan},
    number = {2},
    pages = {1200--1214},
    volume = {423},
    isbn = {0035-8711},
    doi = {10.1111/j.1365-2966.2012.20947.x},
    issn = {00358711},
    arxivId = {1203.3695},
    keywords = {Cosmology: theory, Dark matter, Galaxies: evolution, Galaxies: haloes, Methods: numerical}
}

@article{Nurmi2006,
    title = {{Subhaloes in {\$}{\textbackslash}Lambda{\$}CDM cosmological simulations: I. Masses and abundances}},
    year = {2006},
    author = {Nurmi, P. and Hein{\"{a}}m{\"{a}}ki, P. and Saar, E. and Einasto, M. and Holopainen, J. and Mart{\'{i}}nez, V. J. and Einasto, J.},
    url = {http://arxiv.org/abs/astro-ph/0611941},
    arxivId = {astro-ph/0611941},
    keywords = {clusters, cosmology, dark matter, galaxies, general, large-scale structure, methods, miscellaneous, n-body simulations}
}

@article{Bosch1999,
    title = {{Substructure in Dark Halos: Orbital Eccentricities and Dynamical Friction}},
    year = {1999},
    journal = {The Astrophysical Journal},
    author = {Bosch, Frank C V a N D E N and Lewis, Geraint F and Lake, George and Stadel, Joachim},
    number = {1997},
    pages = {50--68},
    volume = {515},
    doi = {10.1086/307023},
    issn = {0004-637X}
}

@article{Dolag2009,
    title = {{Substructures in hydrodynamical cluster simulations}},
    year = {2009},
    journal = {Monthly Notices of the Royal Astronomical Society},
    author = {Dolag, K. and Borgani, S. and Murante, G. and Springel, V.},
    number = {2},
    pages = {497--514},
    volume = {399},
    doi = {10.1111/j.1365-2966.2009.15034.x},
    issn = {00358711},
    arxivId = {0808.3401},
    keywords = {Cosmology: theory, Galaxies: Evolution, Galaxies: clusters: general, Hydrodynamics, Methods: numerical}
}

@article{Tormen1998,
    title = {{Survival of substructure within dark matter haloes}},
    year = {1998},
    journal = {Monthly Notices of the Royal Astronomical Society},
    author = {Tormen, Giuseppe and Diaferio, Antonaldo and Syer, D.},
    number = {3},
    pages = {728--742},
    volume = {299},
    doi = {10.1046/j.1365-8711.1998.01775.x},
    issn = {00358711},
    arxivId = {astro-ph/9712222},
    keywords = {Cosmology: theory, Dark matter, Galaxies: clusters: general, Galaxies: haloes, Galaxies: interactions, Methods: numerical}
}

@article{Avila2014,
    title = {{SUSSING MERGER TREES: The influence of the halo finder}},
    year = {2014},
    journal = {Monthly Notices of the Royal Astronomical Society},
    author = {Avila, Santiago and Knebe, Alexander and Pearce, Frazer R. and Schneider, Aurel and Srisawat, Chaichalit and Thomas, Peter A. and Behroozi, Peter and Elahi, Pascal J. and Han, Jiaxin and Mao, Yao Yuan and Onions, Julian and Rodriguez-Gomez, Vicente and Tweed, Dylan},
    number = {4},
    pages = {3488--3501},
    volume = {441},
    doi = {10.1093/mnras/stu799},
    issn = {13652966},
    arxivId = {1402.2381},
    keywords = {Evolution-galaxies, Haloes-dark matter, Methods, Numerical-galaxies}
}

@article{Srisawat2013,
    title = {{Sussing merger trees: The merger trees comparison project}},
    year = {2013},
    journal = {Monthly Notices of the Royal Astronomical Society},
    author = {Srisawat, Chaichalit and Knebe, Alexander and Pearce, Frazer R. and Schneider, Aurel and Thomas, Peter A. and Behroozi, Peter and Dolag, Klaus and Elahi, Pascal J. and Han, Jiaxin and Helly, John and Jing, Yipeng and Jung, Intae and Lee, Jaehyun and Mao, Yao Yuan and Onions, Julian and Rodriguez-Gomez, Vicente and Tweed, Dylan and Yi, Sukyoung K.},
    number = {1},
    pages = {150--162},
    volume = {436},
    doi = {10.1093/mnras/stt1545},
    issn = {00358711},
    arxivId = {1307.3577},
    keywords = {Dark matter, Evolution, Galaxies, Haloes, Methods: Numerical}
}

@article{Shaw2007,
    title = {{The Bound Mass of Substructures in Dark Matter Halos}},
    year = {2007},
    journal = {The Astrophysical Journal},
    author = {Shaw, Laurie D. and Weller, Jochen and Ostriker, Jeremiah P and Bode, Paul},
    number = {2},
    pages = {1082--1095},
    volume = {659},
    url = {http://adsabs.harvard.edu/abs/2007ApJ...659.1082S},
    doi = {10.1086/511849},
    issn = {0004-637X},
    arxivId = {arXiv:astro-ph/0603150v2},
    archivePrefix = {arXiv},
    eprint = {0603150v2},
    primaryClass = {astro-ph},
    keywords = {Cosmology: Dark Matter, Galaxies: Clusters: General, Methods: n-Body Simulations}
}

@article{Taylor2001,
    title = {{The Dynamics of Sinking Satellites around Disk Galaxies: A Poor Man‚Äôs Alternative to High‚ÄêResolution Numerical Simulations}},
    year = {2001},
    journal = {The Astrophysical Journal},
    author = {Taylor, James E. and Babul, Arif},
    number = {2},
    pages = {716--735},
    volume = {559},
    url = {http://stacks.iop.org/0004-637X/559/i=2/a=716},
    doi = {10.1086/322276},
    issn = {0004-637X},
    arxivId = {astro-ph/0012305}
}

@article{Gill2004,
    title = {{The evolution of substructure - II. Linking dynamics to environment}},
    year = {2004},
    journal = {Monthly Notices of the Royal Astronomical Society},
    author = {Gill, Stuart P D and Knebe, Alexander and Gibson, Brad K. and Dopita, Michael A.},
    number = {2},
    pages = {410--422},
    volume = {351},
    doi = {10.1111/j.1365-2966.2004.07913.x},
    issn = {00358711},
    keywords = {Galaxies: formation, Galaxies: haloes, Methods: N-body simulations, Methods: numerical}
}

@article{Taylor2005,
    title = {{The evolution of substructure in galaxy, group and cluster haloes - II. Global properties}},
    year = {2005},
    journal = {Monthly Notices of the Royal Astronomical Society},
    author = {Taylor, James E. and Babul, Arif},
    number = {2},
    pages = {515--534},
    volume = {364},
    doi = {10.1111/j.1365-2966.2005.09582.x},
    issn = {00358711},
    arxivId = {astro-ph/0410049},
    keywords = {Cosmology: theory, Dark matter, Galaxies: clusters: general, Galaxies: formation, Galaxies: haloes, Methods: numerical}
}

@article{Taylor2003,
    title = {{The Evolution of Substructure in Galaxy, Group and Cluster Haloes I: Basic Dynamics}},
    year = {2003},
    author = {Taylor, James E. and Babul, Arif},
    number = {March},
    volume = {000},
    url = {http://arxiv.org/abs/astro-ph/0301612%0Ahttp://dx.doi.org/10.1111/j.1365-2966.2004.07395.x},
    doi = {10.1111/j.1365-2966.2004.07395.x},
    arxivId = {astro-ph/0301612},
    keywords = {clusters, cosmology, dark matter, formation, galaxies, general, haloes, methods, numerical, theory}
}

@article{Angulo2008,
    title = {{The Fate of Substructures in Cold Dark Matter Haloes}},
    year = {2008},
    journal = {Simulation},
    author = {Angulo, R E and Lacey, C G and Baugh, C M and Frenk, C S},
    number = {October},
    pages = {1--14},
    volume = {14},
    doi = {10.1111/j.1365-2966.2009.15333.x},
    arxivId = {arXiv:0810.2177v2},
    keywords = {cosmology, dark matter, galaxies, halos, interactions, theory}
}

@article{Angulo2009,
    title = {{The fate of substructures in cold dark matter haloes}},
    year = {2009},
    journal = {Monthly Notices of the Royal Astronomical Society},
    author = {Angulo, R. E. and Lacey, C. G. and Baugh, C. M. and Frenk, C. S.},
    number = {2},
    pages = {983--995},
    volume = {399},
    doi = {10.1111/j.1365-2966.2009.15333.x},
    issn = {00358711},
    arxivId = {0810.2177},
    keywords = {Cosmology: theory, Dark matter, Galaxies: haloes, Galaxies: interactions}
}

@article{Klimentowski2010,
    title = {{The grouping, merging and survival of subhaloes in the simulated Local Group}},
    year = {2010},
    journal = {Monthly Notices of the Royal Astronomical Society},
    author = {Klimentowski, Jaros≈Çaw and {\L}okas, Ewa L. and Knebe, Alexander and Gottl{\"{o}}ber, Stefan and Martinez-Vaquero, Luis A. and Yepes, Gustavo and Hoffman, Yehuda},
    number = {3},
    pages = {1899--1910},
    volume = {402},
    doi = {10.1111/j.1365-2966.2009.16024.x},
    issn = {00358711},
    arxivId = {0909.1916},
    keywords = {Dark matter, Galaxies: dwarf, Galaxies: fundamental parameters, Galaxies: kinematics and dynamics, Local Group, Methods: N-body simulations}
}

@article{Knebe2005,
    title = {{The Importance of Interactions for Mass Loss from Satellite Galaxies in Cold Dark Matter Haloes}},
    year = {2005},
    journal = {Interactions},
    author = {Knebe, Alexander and Power, Chris and Gill, Stuart P D and Gibson, Brad K},
    number = {July},
    pages = {1--9},
    volume = {9},
    doi = {10.1111/j.1365-2966.2006.10161.x},
    arxivId = {arXiv:astro-ph/0507380},
    archivePrefix = {arXiv},
    eprint = {0507380},
    primaryClass = {astro-ph},
    keywords = {clusters, evolution, formation, galaxies, n-body}
}

@article{McCavana2012,
    title = {{The Lives of High Redshift Mergers}},
    year = {2012},
    journal = {arXiv.org},
    author = {McCavana, Tom and Micic, Miroslav and Lewis, Geraint F and Sinha, Manodeep and Sharma, Sanjib and Holley-Bockelmann, Kelly and Bland-Hawthorn, Joss},
    number = {February},
    pages = {6319},
    volume = {1204},
    url = {http://adsabs.harvard.edu/cgi-bin/nph-data_query?bibcode=2012arXiv1204.6319M&link_type=ABSTRACT%5Cnpapers2://publication/uuid/DF23A92D-9F90-4F9C-8D4D-0F3BB0FC0E5C},
    doi = {10.1111/j.1365-2966.2012.21202.x},
    arxivId = {1204.6319},
    keywords = {cosmology, dark matter, galaxy, kine-, methods, n-body simulations}
}

@article{Franx1991,
    title = {{THE ORDERED NATURE OF ELLIPTICAL GALAXIES: IMPLICATIONS FOR THEIR INTRINSIC ANGULAR MOMENTA AND SHAPES}},
    year = {1991},
    journal = {The Astrophysical Journal},
    author = {Franx, Marijn and Illingworth, Garth and De Zeeuw, Tim},
    pages = {112--134}
}

@article{Zentner2004,
    title = {{The Physics of Galaxy Clustering I: A Model for Subhalo Populations}},
    year = {2004},
    author = {Zentner, Andrew R. and Berlind, Andreas A. and Bullock, James S. and Kravtsov, Andrey V. and Wechsler, Risa H.},
    pages = {505--525},
    url = {http://arxiv.org/abs/astro-ph/0411586%0Ahttp://dx.doi.org/10.1086/428898},
    doi = {10.1086/428898},
    issn = {0004-637X},
    arxivId = {astro-ph/0411586}
}

@article{Giocoli2007,
    title = {{The Population of Dark Matter Subhaloes: Mass Functions and Average Mass Loss Rates}},
    year = {2007},
    author = {Giocoli, Carlo and Tormen, Giuseppe and Bosch, Frank C. van den},
    number = {May},
    pages = {1--12},
    volume = {12},
    url = {http://arxiv.org/abs/0712.1563%0Ahttp://dx.doi.org/10.1111/j.1365-2966.2008.13182.x},
    doi = {10.1111/j.1365-2966.2008.13182.x},
    arxivId = {0712.1563},
    keywords = {galaxies, halo - cosmology, interactions, methods, numerical, simulations - galaxies, theory - dark matter}
}

@article{Behroozi2013,
    title = {{The ROCKSTAR phase-space temporal halo finder and the velocity offsets of cluster cores}},
    year = {2013},
    journal = {Astrophysical Journal},
    author = {Behroozi, Peter S. and Wechsler, Risa H. and Wu, Hao Yi},
    number = {2},
    volume = {762},
    isbn = {doi:10.1086/432157},
    doi = {10.1088/0004-637X/762/2/109},
    issn = {15384357},
    pmid = {23282362},
    arxivId = {1110.4372},
    keywords = {dark matter, methods: numerical}
}

@article{Gao2011,
    title = {{The statistics of the subhalo abundance of dark matter haloes}},
    year = {2011},
    journal = {Monthly Notices of the Royal Astronomical Society},
    author = {Gao, L. and Frenk, C. S. and Boylan-Kolchin, M. and Jenkins, A. and Springel, V. and White, S. D.M.},
    number = {4},
    pages = {2309--2314},
    volume = {410},
    doi = {10.1111/j.1365-2966.2010.17601.x},
    issn = {00358711},
    arxivId = {1006.2882},
    keywords = {Dark matter, Galaxies: haloes, Methods: numerical}
}

@article{Hayashi2003,
    title = {{The Structural Evolution of Substructure}},
    year = {2003},
    journal = {The Astrophysical Journal},
    author = {Hayashi, Eric and Navarro, Julio F. and Taylor, James E. and Stadel, Joachim and Quinn, Thomas},
    number = {2},
    pages = {541--558},
    volume = {584},
    url = {http://stacks.iop.org/0004-637X/584/i=2/a=541},
    doi = {10.1086/345788},
    issn = {0004-637X},
    arxivId = {astro-ph/0203004}
}

@article{Gao2004,
    title = {{The subhalo populations of {$\Lambda$}CDM dark haloes}},
    year = {2004},
    journal = {Monthly Notices of the Royal Astronomical Society},
    author = {Gao, L. and White, S. D.M. and Jenkins, A. and Stoehr, F. and Springel, V.},
    number = {3},
    pages = {819--834},
    volume = {355},
    doi = {10.1111/j.1365-2966.2004.08360.x},
    issn = {00358711},
    arxivId = {astro-ph/0404589},
    keywords = {Dark matter, Galaxies: clusters: general, Galaxies: haloes, Methods: N-body simulations, Methods: numerical}
}

@article{Yang2009,
    title = {{The subhalo-satellite connection and the fate of disrupted satellite galaxies}},
    year = {2009},
    journal = {Astrophysical Journal},
    author = {Yang, Xiaohu and Mo, H. J. and Van Den Bosch, Frank C.},
    number = {1},
    pages = {830--838},
    volume = {693},
    doi = {10.1088/0004-637X/693/1/830},
    issn = {15384357},
    arxivId = {0808.2526},
    keywords = {dark matter, galaxies: halos, large-scale structure of universe}
}

@article{Giocoli2009,
    title = {{The Substructure Hierarchy in Dark Matter Haloes}},
    year = {2009},
    author = {Giocoli, Carlo and Tormen, Giuseppe and Sheth, Ravi K. and Bosch, Frank C. van den},
    number = {April},
    pages = {1--18},
    volume = {18},
    url = {http://arxiv.org/abs/0911.0436%0Ahttp://dx.doi.org/10.1111/j.1365-2966.2010.16311.x},
    doi = {10.1111/j.1365-2966.2010.16311.x},
    arxivId = {0911.0436},
    keywords = {galaxies, halo - cosmology, interactions, methods, numerical, simulations - galaxies, theory - dark matter}
}

@article{Naab2016,
    title = {{Theoretical Challenges in Galaxy Formation}},
    year = {2016},
    author = {Naab, Thorsten and Ostriker, Jeremiah P.},
    pages = {1--54},
    url = {http://arxiv.org/abs/1612.06891%0Ahttp://dx.doi.org/10.1146/annurev-astro-081913-040019},
    doi = {10.1146/annurev-astro-081913-040019},
    issn = {0066-4146},
    arxivId = {1612.06891},
    keywords = {cosmology, galaxy evolution, galaxy formation, theoretical models}
}

@article{Kim2017,
    title = {{There is No Missing Satellites Problem}},
    year = {2017},
    author = {Kim, Stacy Y. and Peter, Annika H. G. and Hargis, Jonathan R.},
    pages = {1--9},
    url = {http://arxiv.org/abs/1711.06267},
    arxivId = {1711.06267}
}

@article{Lee2017,
    title = {{Tidal Stripping and Post-Merger Relaxation of Dark Matter Halos: Causes and Consequences of Mass Loss}},
    year = {2017},
    author = {Lee, Christoph T. and Primack, Joel R. and Behroozi, Peter and Rodr{\'{i}}guez-Puebla, Aldo and Hellinger, Doug and Dekel, Avishai},
    number = {November},
    pages = {1--20},
    volume = {20},
    url = {http://arxiv.org/abs/1711.10620},
    arxivId = {1711.10620},
    keywords = {cosmology, dark matter - galaxies, halos -, large scale structure -}
}

@article{Boylan-Kolchin2011,
    title = {{Too big to fail? The puzzling darkness of massive Milky Way subhaloes}},
    year = {2011},
    journal = {Monthly Notices of the Royal Astronomical Society: Letters},
    author = {Boylan-Kolchin, Michael and Bullock, James S. and Kaplinghat, Manoj},
    number = {1},
    pages = {1--6},
    volume = {415},
    doi = {10.1111/j.1745-3933.2011.01074.x},
    issn = {17453933},
    arxivId = {1103.0007},
    keywords = {Cosmology: theory, Dark matter, Galaxies: abundances, Galaxy: halo}
}

@article{Diemand2004,
    title = {{Velocity and spatial biases in cold dark matter subhalo distributions}},
    year = {2004},
    journal = {Monthly Notices of the Royal Astronomical Society},
    author = {Diemand, J√ºrg and Moore, Ben and Stadel, Joachim},
    number = {2},
    pages = {535--546},
    volume = {352},
    doi = {10.1111/j.1365-2966.2004.07940.x},
    issn = {00358711},
    arxivId = {astro-ph/0402160},
    keywords = {Dark matter, Galaxies: haloes, Galaxies; clusters: general, Methods: N-body simulations, Methods: numerical}
}

@article{Wetzel2010,
    title = {{What determines satellite galaxy disruption?}},
    year = {2010},
    journal = {Monthly Notices of the Royal Astronomical Society},
    author = {Wetzel, Andrew R. and White, Martin},
    number = {2},
    pages = {1072--1088},
    volume = {403},
    isbn = {10.1111/j.1365-2966.2009.16191.x},
    doi = {10.1111/j.1365-2966.2009.16191.x},
    issn = {00358711},
    arxivId = {0907.0702},
    keywords = {Cosmology: theory, Galaxies: haloes, Galaxies: interactions, Methods: N-body simulations}
}

@article{Klypin1999,
    title = {{Where are the missing galactic satellites?}},
    year = {1999},
    author = {Klypin, Anatoly A. and Kravtsov, Andrey V. and Valenzuela, Octavio and Prada, Francisco},
    number = {Dm},
    url = {http://arxiv.org/abs/astro-ph/9901240%0Ahttp://dx.doi.org/10.1086/307643},
    doi = {10.1086/307643},
    issn = {0004-637X},
    arxivId = {astro-ph/9901240}
}